@inproceedings{Card:1997:SIV:857188.857632,
 author = {Card, S. K. and Mackinlay, J.},
 title = {The Structure of the Information Visualization Design Space},
 booktitle = {Proceedings of the 1997 IEEE Symposium on Information Visualization (InfoVis '97)},
 series = {INFOVIS '97},
 year = {1997},
 isbn = {0-8186-8189-6},
 pages = {92--},
 url = {http://dl.acm.org/citation.cfm?id=857188.857632},
 acmid = {857632},
 publisher = {IEEE Computer Society},
 address = {Washington, DC, USA},
 keywords = {data visualisation, information visualization design space, information visualization literature, morphological analysis, point designs, research, taxonomy, user interfaces},
} 



@ARTICLE{paint_smithsonian,
   author = {Perry Hurt},
   title = {Never Underestimate the Power of a Paint Tube},
   journal = {Smithsonian Magazine},
   year = 2013,
}

@BOOK{berger_ways_of_seeing,
  title={Ways of Seeing},
  author={John Berger},
  isbn={0563122447},
  year={1972},
  publisher={Penguin Books Limited}
}

@article{impermanence_of_painting,
 ISSN = {00359114},
 author = {H.Gluck},
 journal = {Journal of the Royal Society of Arts},
 number = {5093},
 pages = {335-352},
 publisher = {Royal Society for the Encouragement of Arts, Manufactures and Commerce},
 title = {THE IMPERMANENCE OF PAINTINGS IN RELATION TO ARTISTS' MATERIALS},
 volume = {112},
 year = {1964}
}

@article{Kay:1977:PDM:1300728.1301186,
 author = {Kay, A. and Goldberg, A.},
 title = {Personal Dynamic Media},
 journal = {Computer},
 issue_date = {March 1977},
 volume = {10},
 number = {3},
 month = mar,
 year = {1977},
 issn = {0018-9162},
 pages = {31--41},
 numpages = {11},
 url = {http://dx.doi.org/10.1109/C-M.1977.217672},
 doi = {10.1109/C-M.1977.217672},
 acmid = {1301186},
 publisher = {IEEE Computer Society Press},
 address = {Los Alamitos, CA, USA},
} 

@book{montfort201210,
  title={10 PRINT CHR\$(205.5+RND(1)); : GOTO 10},
  author={Montfort, N. and Baudoin, P. and Bell, J. and Bogost, I. and Douglass, J. and Marino, M.C. and Mateas, M. and Reas, C. and Sample, M. and Vawter, N.},
  isbn={9780262304573},
  series={Software Studies},
  url={https://books.google.com/books?id=ON\_xCwAAQBAJ},
  year={2012},
  publisher={MIT Press}
}

@inproceedings{Hoarau,
 author = {Hoarau, Rapha\"{e}l and Conversy, St{\'e}phane},
 title = {Augmenting the Scope of Interactions with Implicit and Explicit Graphical Structures},
 booktitle = {Proceedings of the SIGCHI Conference on Human Factors in Computing Systems},
 series = {CHI '12},
 year = {2012},
 isbn = {978-1-4503-1015-4},
 location = {Austin, Texas, USA},
 pages = {1937--1946},
 numpages = {10},
 url = {http://doi.acm.org/10.1145/2207676.2208337},
 doi = {10.1145/2207676.2208337},
 acmid = {2208337},
 publisher = {ACM},
 address = {New York, NY, USA},
 keywords = {exploratory design, graphical interaction design, instrumental interaction},
} 

@inproceedings{dew,
 author = {Dew, Kristin N and Rosner, Daniella},
 title = {Lessons from the Woodshop: Cultivating Design with Living Materials},
 booktitle = {Proceedings of the SIGCHI Conference on Human Factors in Computing Systems},
 series = {CHI '18},
 year = {2018},
 location = {Montreal, Quebec, Canada},
 numpages = {10},
 publisher = {ACM},
 address = {New York, NY, USA}
} 


@book{beardsley,
  title =        {Aesthetics: Problems in the Philosopy of Crticism.},
  author =       {Monroe Beardsley},
  address =      {New York, NY, USA},
  year =         1958,
  publisher =    {Harcourt, Brace and World, Inc.}
}

@book{reas2010form,
  title={Form and Code},
  author={Reas, C. and McWilliams, C. and LUST},
  year={2010},
  publisher={Princeton Architectural Press},
  address= {New York, NY, USA}
}

@book{papert1980mindstorms,
  title={Mindstorms: children, computers, and powerful ideas},
  author={Papert, S.},
  isbn={9780465046294},
  lccn={79005200},
  year={1980},
  publisher={Basic Books}
}

@article{Sutherland:1998:SMG:280811.281031,
author = {Ivan E. Sutherland},
title = {Sketchpad a Man-Machine Graphical Communication System},
journal = {Transactions of the Society for Computer Simulation},
volume = {2},
number = {5},
pages = {R-3-R-20},
year = {1964},
doi = {10.1177/003754976400200514}
}

@phdthesis{qi2016paper,
  title={Paper electronics: circuits on paper for learning and self-expression},
  author={Qi, Jie and others},
  year={2016},
  school={Massachusetts Institute of Technology}
}
@inproceedings{Hartmann:2008:DEC:1449715.1449732,
 author = {Hartmann, Bj\"{o}rn and Yu, Loren and Allison, Abel and Yang, Yeonsoo and Klemmer, Scott R.},
 title = {Design As Exploration: Creating Interface Alternatives Through Parallel Authoring and Runtime Tuning},
 booktitle = {Proceedings of the 21st Annual ACM Symposium on User Interface Software and Technology},
 series = {UIST '08},
 year = {2008},
 isbn = {978-1-59593-975-3},
 location = {Monterey, CA, USA},
 pages = {91--100},
 numpages = {10},
 url = {http://doi.acm.org/10.1145/1449715.1449732},
 acmid = {1449732},
 publisher = {ACM},
 address = {New York, NY, USA},
 keywords = {design alternatives, design tools, prototyping},
} 


@inproceedings{Oehlberg,
 author = {Oehlberg, Lora and Willett, Wesley and Mackay, Wendy E.},
 title = {Patterns of Physical Design Remixing in Online Maker Communities},
 booktitle = {Proceedings of the 33rd Annual ACM Conference on Human Factors in Computing Systems},
 series = {CHI '15},
 year = {2015},
 location = {Seoul, Republic of Korea},
 publisher = {ACM},
 address = {New York, NY, USA},
} 


@article{Roedl:2015:SMB:2785963.2699742,
 author = {Roedl, David and Bardzell, Shaowen and Bardzell, Jeffrey},
 title = {Sustainable Making? Balancing Optimism and Criticism in HCI Discourse},
 journal = {ACM Trans. Comput.-Hum. Interact.},
 issue_date = {June 2015},
 volume = {22},
 number = {3},
 month = jun,
 year = {2015},
 publisher = {ACM},
 address = {New York, NY, USA},
} 

@phdthesis{senske_fear,
	title = {Fear of code: {An} approach to integrating computation with architectural design},
	school = {Massachusetts Institute of Technology},
	author = {Senske, Nicholas},
	year = {2005},
}

@book{mitchell1990,
  title={The Logic of Architecture: Design, Computation, and Cognition},
  author={Mitchell, W.J.},
  series={Cognition special issues},
  year={1990},
  publisher={MIT Press},
 address = {Cambridge, MA, USA},
}
@article{woodbury,
	title = {Parametric Modeling as a Design Representation in Architecture:
A Process Account},
	journal = {Proceedings of the Canadian Engineering Education Association},
	author = {Woodbury, Robert and Williamson, Shane and Beesley, Philip},
	year = {2011},
}

@article{learnable_programming,
title={Learnable Programing: Designing a programming system for understanding programs},
author = {Victor, B.},
year= {2012},
url={http://http://worrydream.com/LearnableProgramming/}
}

@book{abelson,
 author = {Abelson, Harold and Sussman, Gerald J.},
 title = {Structure and Interpretation of Computer Programs},
 year = {1996},
 edition = {2nd},
 publisher = {MIT Press},
 address = {Cambridge, MA, USA},
}

@book{kay_interface,
 author = {Kay, Alan C.},
 title = {User Interface: A Personal View},
 booktitle ={The Art of Human-Computer Interface Design},
 editor={Laurel, B.},
 Publisher = {Addison-Wesley},
 year ={1990},
 pages ={191--207},
}

@inproceedings{kay,
 author = {Kay, Alan C.},
 title = {The Early History of Smalltalk},
 booktitle = {The Second ACM SIGPLAN Conference on History of Programming Languages},
 series = {HOPL-II},
 year = {1993},
 location = {Cambridge, Massachusetts, USA},
 pages = {69--95},
 numpages = {27},
 acmid = {155364},
 publisher = {ACM},
 address = {New York, NY, USA},
 }
 
 @inproceedings{Maleki,
 author = {Maleki, Maryam M. and Woodbury, Robert F. and Neustaedter, Carman},
 title = {Liveness, Localization and Lookahead: Interaction Elements for Parametric Design},
 booktitle = {Proceedings of the 2014 Conference on Designing Interactive Systems},
 series = {DIS '14},
 year = {2014},
 location = {Vancouver, BC, Canada},
 publisher = {ACM},
 address = {New York, NY, USA},
} 

@inproceedings{schachman,
 author = {Schachman, Toby},
 title = {Alternative Programming Interfaces for Alternative Programmers},
 booktitle = {Proceedings of the ACM International Symposium on New Ideas, New Paradigms, and Reflections on Programming and Software},
 series = {Onward! 2012},
 year = {2012},
 location = {Tucson, Arizona, USA},
 publisher = {ACM},
 address = {New York, NY, USA},
} 

@inproceedings{do,
 author = {Do, Ellen and Gross, Mark D.},
 title = {Environments for Creativity: A Lab for Making Things},
 booktitle = {Proceedings of the 6th ACM SIGCHI Conference on Creativity \& Cognition},
 series = {C\&C '07},
 year = {2007},
 location = {Washington, DC, USA},
 publisher = {ACM},
} 

  @book{mccullough,
 author = "McCullough, M.",
 title=  "Abstracting Craft: The Practiced Digital Hand",
 publisher="The MIT Press",
 address="Cambridge, Massachusetts", 
 year=1996,
 keywords = {primary, art, procedural_practice}
 }
 
 @misc{victor,
  key =          "Victor",
  author =       {Victor, B.},
  title =        {Dynamic Pictures},
  year =         2011,
  note =         {\url{http://worrydream.com/DynamicPicturesMotivation}}
}

 @misc{victor:dynamic_data_viz_addendum,
  key =          "Victor",
  author =       {Victor, B.},
  title =        {Drawing Dynamic Data Visualizations Addendum},
  year =         2013,
  note =         {\url{http://worrydream.com/DrawingDynamicVisualizationsTalkAddendum}}
}

@misc{victor:dynamic_data_viz,
  key =          "Victor",
  author =       {Victor, B.},
  title =        {Drawing Dynamic Data Visualizations (Talk)},
  year =         2013,
  note ={\url{http://vimeo.com/66085662}}
}

@misc{jobs,
author={Krainin, Julian and Lawrence, Michael R.},
title={Recorded lecture by Steve Jobs},
booktitle = {Memory and Imagination: New Pathways to the Library of Congress}, 
year = 1990,
note ={\url{http://www.youtube.com/watch?v=ob_GX50Za6c}}
}

@misc{victor:learnable_programming,
  key =          "Victor",
  author =       {Victor, B.},
  title =        {Learnable Programming: Designing a programming system for understanding programs},
  year =         2012,
  note =         {\url{http://worrydream.com/LearnableProgramming}}
}


@inproceedings{apparatus,
author = {Schachman, Toby}, 
title = {Apparatus: a hybrid graphics editor / programming environment for creating interactive diagrams},
booktitle = {Strange Loop},
year = {2015}
}


@inproceedings{aish_multi-level_2005,
	title = {Multi-level interaction in parametric design},
	booktitle = {Smart {Graphics}},
	publisher = {Springer},
	author = {Aish, Robert and Woodbury, Robert},
	year = {2005},
	pages = {151--162},
}

@article{denning,
 author = {Comer, D. E. and Gries, David and Mulder, Michael C. and Tucker, Allen and Turner, A. Joe and Young, Paul R.},
 editor = {Denning, Peter J.},
 title = {Computing As a Discipline},
 journal = {Commun. ACM},
 issue_date = {Jan. 1989},
 volume = {32},
 number = {1},
 month = jan,
 year = {1989},
 publisher = {ACM},
 address = {New York, NY, USA},
} 

  @article{turkle,
    author = {Turkle, S. and Papert, S.},
 title = {Epistemological Pluralism and the Revaluation of the Concrete},
 journal = {Journal of Mathematical Behavior},
 issue_date = {March 1992},
 volume = {11},
 number = {1},
 month = mar,
 year = {1992},
 keywords = {contextual, diversity},
  }
  
 @inproceedings{kitty,
 author = {Kazi, Rubaiat Habib and Chevalier, Fanny and Grossman, Tovi and Fitzmaurice, George},
 title = {Kitty: Sketching Dynamic and Interactive Illustrations},
 booktitle = {Proceedings of the 27th Annual ACM Symposium on User Interface Software and Technology},
 series = {UIST '14},
 year = {2014},
 location = {Honolulu, Hawaii, USA},
 numpages = {11},
 publisher = {ACM},
 address = {New York, NY, USA},
} 


@inproceedings{skuid,
 author = {Kazi, Rubaiat Habib and Grossman, Tovi and Umetani, Nobuyuki and Fitzmaurice, George},
 title = {SKUID: Sketching Dynamic Drawings Using the Principles of 2D Animation},
 booktitle = {ACM SIGGRAPH 2016 Talks},
 series = {SIGGRAPH '16},
 year = {2016},
 isbn = {978-1-4503-4282-7},
 location = {Anaheim, California},
 pages = {84:1--84:1},
 articleno = {84},
 numpages = {1},
 url = {http://doi.acm.org/10.1145/2897839.2927410},
 doi = {10.1145/2897839.2927410},
 acmid = {2927410},
 publisher = {ACM},
 address = {New York, NY, USA},
} 


@incollection{designscript,
	title = {{DesignScript}: origins, explanation, illustration},
	booktitle = {Computational {Design} {Modelling}},
	publisher = {Springer},
	author = {Aish, Robert},
	year = {2012},
	pages = {1--8},
}


@inproceedings{morphic,
	title = {Directness and liveness in the morphic user interface construction environment},
	booktitle = {Proceedings of the 8th annual {ACM} symposium on {User} interface and software technology},
	publisher = {ACM},
	author = {Maloney, John H. and Smith, Randall B.},
	year = {1995}
}

@article{harvey,
  author={Harvey,B.},
  title={Symbolic Programming vs. the A.P. Curriculum},
  journal={The Computing Teacher},
  month={February},
  year={1991},
  pages = {27-29},
  volume={56},
   keywords = {primary, constructionism,youth-oriented}
}

@book{levi_strauss,
  title={The Savage Mind},
  author={L\'evi-Strauss, C.},
  series={Nature of Human Society},
  year={1966},
  publisher={University of Chicago Press},
    address = {Chicago, IL, USA}
},


@book{graham,
 author = {Graham, Paul},
 title = {Hackers and Painters: Essays on the Art of Programming},
 year = {2004},
 isbn = {0596006624},
 publisher = {O'Reilly \& Associates, Inc.},
 address = {Sebastopol, CA, USA},
} 

@inproceedings{codeable_objects,
 author = {Jacobs, Jennifer and Buechley, Leah},
 title = {Codeable Objects: Computational Design and Digital Fabrication for Novice Programmers},
 booktitle = {Proceedings of the SIGCHI Conference on Human Factors in Computing Systems},
 series = {CHI '13},
 year = {2013},
 location = {Paris, France},
 pages = {1589--1598},
 publisher = {ACM},
 address = {New York, NY, USA},
} 

@inproceedings{interstate,
 author = {Oney, Stephen and Myers, Brad and Brandt, Joel},
 title = {InterState: A Language and Environment for Expressing Interface Behavior},
 booktitle = {Proceedings of the 27th Annual ACM Symposium on User Interface Software and Technology},
 series = {UIST '14},
 year = {2014},
 isbn = {978-1-4503-3069-5},
 location = {Honolulu, Hawaii, USA},
 publisher = {ACM},
 address = {New York, NY, USA},
} 

@inproceedings{metamorphe,
 author = {Torres, Cesar and Paulos, Eric},
 title = {MetaMorphe: Designing Expressive 3D Models for Digital Fabrication},
 booktitle = {Proceedings of the 2015 ACM SIGCHI Conference on Creativity and Cognition},
 series = {C\&\#38;C '15},
 year = {2015},
 location = {Glasgow, United Kingdom},
 publisher = {ACM},
 address = {New York, NY, USA},
}


@inproceedings{Xia,
 author = {Xia, Haijun and Araujo, Bruno and Grossman, Tovi and Wigdor, Daniel},
 title = {Object-Oriented Drawing},
 booktitle = {Proceedings of the 2016 CHI Conference on Human Factors in Computing Systems},
 series = {CHI '16},
 year = {2016},
 isbn = {978-1-4503-3362-7},
 location = {Santa Clara, California, USA},
 pages = {4610--4621},
 numpages = {12},
 url = {http://doi.acm.org/10.1145/2858036.2858075},
 doi = {10.1145/2858036.2858075},
 acmid = {2858075},
 publisher = {ACM},
 address = {New York, NY, USA},
 keywords = {attribute object, object-oriented, pen and touch input},
} 


@inproceedings{construction_kits,
 author = {Resnick, Mitchel and Silverman, Brian},
 title = {Some Reflections on Designing Construction Kits for Kids},
 booktitle = {Proceedings of the 2005 Conference on Interaction Design and Children},
 series = {IDC '05},
 year = {2005},
 location = {Boulder, Colorado},
 publisher = {ACM},
 address = {New York, NY, USA},
 keywords = {construction kits, design, education, learning, metadesign},
} 

@incollection{resnick_rosenbaum,
  author      ={Resnick, M. and Rosenbaum, E.O.},
  title       = {Designing for Tinkerability},
  editor      = {Honey, M. and Kanter, D.},
  booktitle   = {Design Make Play: Growing the Next Generation of STEM Innovators},
  publisher   = {Routledge},
  year        = {2013},
}



@online{openframeworks,
  title = {openFrameworks},
 note = {\url{http://openframeworks.cc/about}},
  urldate = {2015-5-24}, 
  year = {2015},
  author ={Lieberman, Z. and Watson, T. and Castro, A.}
}

@online{arduino,
author = {Banzi, Massimo and Igoe, Tom and Cuartielles, David and Mellis, David},
  title = {Ardunio},
note = {\url{http://arduino.cc}},
  urldate = {2016-4-4}, 
  year = {2016},
}

@online{p5js,
title = {P5js},
author = {McCarthy, Lauren},
  note = {\url{http://p5js.org/}},
  url_date = {2016-4-4},
  year = {2016},
}

@online{processing,
title = {Processing},
  note = {\url{http://processing.org}},
  url_date = {2015-5-24},
  year = {2004},
  author = {Reas, C. and Fry, B.}
}

@online{processing_overview,
title = {Processing Overview},
 note = {\url{http://processing.org/overview}},
  url_date = {2016-12-29},
  year = {2016},
  author = {Reas, C. and Fry, B.}
}

@online{arduino_overview,
title = {Arduino Introduction},
  note = {\url{http://www.arduino.cc/en/Guide/Introduction}},
  url_date = {2017-1-05},
  year = {2017},
  author = {Arduino}
}

@online{nervoussystems,
  title = {Nervous System Tools},
  author= {Rosenkrantz, J. and Louis-Rosenberg, J.},
  note = {\url{http://n-e-r-v-o-u-s.com/tools}},
  year = {2015},
  urldate = {2015-9-24}, 
}

@online{thingiverse,
  title = {Thingiverse Customizer},
  note={\url{http://www.thingiverse.com/apps/customizer}},
  urldate = {2015-5-24},
  year = {2015},
  author = {MakerBot Industries}
}

@misc{grasshopper,
  key = {Grasshopper},
  title = {Grasshopper},
  author ={Davidson, Scott},
  howpublished = {\url{http://www.grasshopper3d.com}},
  year = {2007}
}

@misc{puredata,
 title = {puredata},
  author = {Miller Puckette},
  note = {\url{http://puredata.info}},
  year = 2018
}
@online{solidworks,
  title = {Solidworks},
  author = {Dassault Systemes},
  year = {2015},
  note = {\url{http://www.solidworks.com/}},
  urldate = {2015-9-20},
}

@online{khan_academy,
    title = {Khan Academy Computing Lessons},
    author = {Khan Academy},
    year = {2015},
     urldate = {2015-9-20},
  note = {\url{http://www.khanacademy.org/computing}}
  }

@online{openscad,
title={OpenSCAD},
author= {Kintel, M. and Wolf, C.},
year = {2011},
 note = {\url{http://openscad.org}},
  urldate = {2016-09-20}
}

@online{backbonejs,
  author = {Ashkenas, J. and DocumentCloud},
  title = {Backbone.js},
  year = {2010},
 note = {\url{http://backbonejs.org}},
  urldate = {2016-09-20}
}

@online{paperjs,
  author = {Lehni, J. and Puckey, J.},
  title = {Paper.js},
  year = {2011},
  note = {\url{http://paperjs.org/}},
  urldate = {2016-09-20}
}


@online{nodebox,
author = {Experimental Media Research Group},
year= {2004},
title={NodeBox},
 note = {\url{http://www.nodebox.net}},
  urldate = {2015-5-24},
}

@inproceedings{cjs,
 author = {Oney, Stephen and Myers, Brad and Brandt, Joel},
 title = {ConstraintJS: Programming Interactive Behaviors for the Web by Integrating Constraints and States},
 booktitle = {Proceedings of the 25th Annual ACM Symposium on User Interface Software and Technology},
 series = {UIST '12},
 year = {2012},
 location = {Cambridge, Massachusetts, USA},
 publisher = {ACM},
 address = {New York, NY, USA},
} 

@book{wong,
  title={Principles of Two-Dimensional Design},
  author={Wong, W.},
  year={1972},
  publisher={Wiley}
}


@book{maeda,
	title = {The laws of simplicity},
	publisher = {MIT press},
	author = {Maeda, John},
	year = {2006}
}

@book{norman,
  title={The Design of Everyday Things},
  author={Norman, D.A.},
  year={2002},
  publisher={Basic Books}
}

@inproceedings{Dorn:2010:LJC:1753326.1753430,
 author = {Dorn, Brian and Guzdial, Mark},
 title = {Learning on the Job: Characterizing the Programming Knowledge and Learning Strategies of Web Designers},
 booktitle = {Proceedings of the SIGCHI Conference on Human Factors in Computing Systems},
 series = {CHI '10},
 year = {2010},
 location = {Atlanta, Georgia, USA},
 publisher = {ACM},
 address = {New York, NY, USA},
} 
@article{myers2000past,
  title={Past, present, and future of user interface software tools},
  author={Myers, Brad and Hudson, Scott E and Pausch, Randy},
  journal={ACM Transactions on Computer-Human Interaction (TOCHI)},
  volume={7},
  number={1},
  pages={3--28},
  year={2000},
  publisher={ACM}
}

@article{myers1990taxonomies,
  title={Taxonomies of visual programming and program visualization},
  author={Myers, Brad A},
  journal={Journal of Visual Languages and Computing},
  volume={1},
  number={1},
  pages={97--123},
  year={1990},
  publisher={Academic Press}
}

@inproceedings{Ozenc,
 author = {Ozenc, Fatih Kursat and Kim, Miso and Zimmerman, John and Oney, Stephen and Myers, Brad},
 title = {How to Support Designers in Getting Hold of the Immaterial Material of Software},
 booktitle = {Proceedings of the SIGCHI Conference on Human Factors in Computing Systems},
 series = {CHI '10},
 year = {2010},
 location = {Atlanta, Georgia, USA},
 publisher = {ACM},
 address = {New York, NY, USA},
} 
@inproceedings{klemmer,
 author = {Klemmer, Scott R. and Hartmann, Bj\"{o}rn and Takayama, Leila},
 title = {How Bodies Matter: Five Themes for Interaction Design},
 booktitle = {Proceedings of the 6th Conference on Designing Interactive Systems},
 series = {DIS '06},
 year = {2006},
 publisher = {ACM},
 address = {New York, NY, USA},
} 


@article{scratch_resnick,
 author = {Resnick, Mitchel and Maloney, John and Monroy-Hern\'{a}ndez, Andr{\'e}s and Rusk, Natalie and Eastmond, Evelyn and Brennan, Karen and Millner, Amon and Rosenbaum, Eric and Silver, Jay and Silverman, Brian and Kafai, Yasmin},
 title = {Scratch: Programming for All},
 journal = {Commun. ACM},
 issue_date = {November 2009},
 volume = {52},
 number = {11},
 month = {nov},
 year = {2009},
 publisher = {ACM},
 address = {New York, NY, USA},
} 

@inproceedings{reactable,
 author = {Jord\`{a}, Sergi and Geiger, G\"{u}nter and Alonso, Marcos and Kaltenbrunner, Martin},
 title = {The reacTable: Exploring the Synergy Between Live Music Performance and Tabletop Tangible Interfaces},
 booktitle = {Proceedings of the 1st International Conference on Tangible and Embedded Interaction},
 series = {TEI '07},
 year = {2007},
 location = {Baton Rouge, Louisiana},
 publisher = {ACM},
 address = {New York, NY, USA},
} 

@inproceedings{inventing_on_principle,
  author =       {Victor, B.},
  title =        {Inventing on Principle},
  booktitle =    {Proc. of the Canadian University Software Engineering Conference},
  year =         {2012},
}

@inproceedings{victor:dead_fish,
  author =       {Victor, B.},
  title =        {Stop Drawing Dead Fish},
  booktitle = {ACM SIGGRAPH 2012 Talks},
 series = {SIGGRAPH '12},
 year = {2012}
}

@inproceedings{freeD,
 author = {Zoran, Amit and Paradiso, Joseph A.},
 title = {FreeD: A Freehand Digital Sculpting Tool},
 booktitle = {Proceedings of the SIGCHI Conference on Human Factors in Computing Systems},
 series = {CHI '13},
 year = {2013},
 location = {Paris, France},
 publisher = {ACM},
 address = {New York, NY, USA},
}

@book{sennett,
  title={The Craftsman},
  author={Sennett, R.},
  year={2008},
  publisher={Yale University Press}
}

@incollection{schon,
 author = {Sch\"{o}n, Donald and Bennett, John},
 chapter = {Reflective Conversation with Materials},
 title = {Bringing Design to Software},
 editor = {Winograd, Terry},
 year = {1996},
 numpages = {19},
 publisher = {ACM},
 address = {New York, NY, USA},
} 

@book{strauss,
author= {Lévi-Strauss, C.},
year = {1966},
title = {The savage mind},
address =  {Chicago, IL, USA},
publisher = {University of Chicago Press}
}

@book{processing_handbook,
author= {Reas, C. and Fry, B.},
year = {2007},
title = {The Processing Handbook},
address =  {Cambridge, Massachusetts, USA},
publisher = {MIT Press}
}

@inproceedings{probe,
 author = {Hutchinson, Hilary and Mackay, Wendy and Westerlund, Bo and Bederson, Benjamin B. and Druin, Allison and Plaisant, Catherine and Beaudouin-Lafon, Michel and Conversy, St{\'e}phane and Evans, Helen and Hansen, Heiko and Roussel, Nicolas and Eiderb\"{a}ck, Bj\"{o}rn},
 title = {Technology Probes: Inspiring Design for and with Families},
 booktitle = {Proceedings of the SIGCHI Conference on Human Factors in Computing Systems},
 year = {2003},
 location = {Ft. Lauderdale, Florida, USA},
 publisher = {ACM},
 address = {New York, NY, USA},
} 


@inproceedings{Ko:2004:SLB:1032665.1034570,
 author = {Ko, Andrew J. and Myers, Brad A. and Aung, Htet Htet},
 title = {Six Learning Barriers in End-User Programming Systems},
 booktitle = {Proceedings of the 2004 IEEE Symposium on Visual Languages - Human Centric Computing},
 series = {VLHCC '04},
 year = {2004},
 isbn = {0-7803-8696-5},
 pages = {199--206},
 numpages = {8},
 url = {http://dx.doi.org/10.1109/VLHCC.2004.47},
 acmid = {1034570},
 publisher = {IEEE Computer Society},
 address = {Washington, DC, USA},
} 

@inproceedings{Shneiderman:1984:FIS:2092.2093,
 author = {Shneiderman, Ben},
 title = {The Future of Interactive Systems and the Emergence of Direct Manipulation},
 booktitle = {Proc. Of the NYU Symposium on User Interfaces on Human Factors and Interactive Computer Systems},
 year = {1984},
 isbn = {0-89391-182-8},
 location = {New York, USA},
 pages = {1--28},
 numpages = {28},
 url = {http://dl.acm.org/citation.cfm?id=2092.2093},
 acmid = {2093},
 publisher = {Ablex Publishing Corp.},
 address = {Norwood, NJ, USA},
} 



@inproceedings{dresscode,
 author = {Jacobs, Jennifer and Resnick, Mitchel and Buechley, Leah},
 title = {Dresscode: supporting youth in computational design and making},
 booktitle = {Constructionism},
 year = {2014},
 address = {Vienna, Austria},
} 

@article{DBLP:journals/corr/ChughAS15,
  author    = {Ravi Chugh and
               Jacob Albers and
               Mitchell Spradlin},
  title     = {Program Synthesis for Direct Manipulation Interfaces},
  journal   = {CoRR},
  volume    = {abs/1507.02988},
  year      = {2015},
  url       = {http://arxiv.org/abs/1507.02988},
}


@inproceedings{Hempel:2016:SSP:2984511.2984575,
 author = {Hempel, Brian and Chugh, Ravi},
 title = {Semi-Automated SVG Programming via Direct Manipulation},
 booktitle = {Proceedings of the 29th Annual Symposium on User Interface Software and Technology},
 series = {UIST '16},
 year = {2016},
 isbn = {978-1-4503-4189-9},
 location = {Tokyo, Japan},
 pages = {379--390},
 numpages = {12},
 url = {http://doi.acm.org/10.1145/2984511.2984575},
 doi = {10.1145/2984511.2984575},
 publisher = {ACM},
 address = {New York, NY, USA},
} 


@Article{experience_sampling,
author={Scollon, Christie N. and Kim-Prieto, Chu
and Diener, Ed},
title={Experience Sampling: Promises and Pitfalls, Strengths and Weaknesses},
journal={Journal of Happiness Studies},
volume={4},
number={1},
year={2003},
pages= {5--34},
}

@online{levin,
title={Essay for Creative Code},
author = {Levin, Golan},
year={2003},
url={http://www.flong.com/texts/essays/essay_creative_code}
}


@article{blackwell,
title = "Palimpsest: A layered language for exploratory image processing ",
journal = "Journal of Visual Languages and Computing ",
volume = "25",
number = "5",
pages = "545 - 571",
year = "2014",
note = "",
issn = "1045-926X",
doi = "http://dx.doi.org/10.1016/j.jvlc.2014.07.001",
author = "Alan F. Blackwell"
}

@book{maeda1999design,
  title={Design by Numbers},
  author={John Maeda},
  isbn={9780262632447},
  lccn={98037583},
  year={1999},
  publisher={MIT Press}
}

@incollection{ofbookforeword,
  author      = {Zach Lieberman},
  title       = {Foreword},
  booktitle   = {ofBook, a collaboratively written book about openFrameworks},
  year        = {2014},
  note = {\url{http://openframeworks.cc/ofBook/chapters/foreword.html}}
}

@incollection{ofbookphil,
  author      = {Zach Lieberman},
  title       = {Philosophy},
  booktitle   = {ofBook, a collaboratively written book about openFrameworks},
  year        = {2014},
  note = {\url{http://openframeworks.cc/ofBook/chapters/of_philosophy.html}}
}

@online{cinder,
title={Cinder:About},
author = {Cinder},
year={2017},
note = {\url{https://libcinder.org/about}}
}

@inproceedings{patcher,
  title={The patcher},
  author={Puckette, Miller},
  booktitle={Proceedings of the 1988 International Computer Music Conference. San Francisco},
  year={1988},
  organization={International Computer Music Association}
}

@online{max,
title={Max},
author = {Cycling74},
year={2017},
note = {\url{https://cycling74.com/products/max/}}
}

@online{vvvv,
title={vvvv},
author = { vvvv group},
year={2017},
note = {\url{https://vvvv.org/}}
}

@article{Johnston:2004:ADP:1013208.1013209,
 author = {Johnston, Wesley M. and Hanna, J. R. Paul and Millar, Richard J.},
 title = {Advances in Dataflow Programming Languages},
 journal = {ACM Computing Surveys},
 issue_date = {March 2004},
 volume = {36},
 number = {1},
 month = mar,
 year = {2004},
 issn = {0360-0300},
 pages = {1--34},
 numpages = {34},
 url = {http://doi.acm.org/10.1145/1013208.1013209},
 doi = {10.1145/1013208.1013209},
 acmid = {1013209},
 publisher = {ACM},
 address = {New York, NY, USA},
 keywords = {Dataflow, co-ordination languages, component software, data flow visual programming, graphical programming, multithreading, software engineering},
}

@inproceedings{Guzdial:2003:MCC:961511.961542,
 author = {Guzdial, Mark},
 title = {A Media Computation Course for Non-majors},
 booktitle = {Proceedings of the 8th Annual Conference on Innovation and Technology in Computer Science Education},
 series = {ITiCSE '03},
 year = {2003},
 isbn = {1-58113-672-2},
 location = {Thessaloniki, Greece},
 pages = {104--108},
 numpages = {5},
 url = {http://doi.acm.org/10.1145/961511.961542},
 doi = {10.1145/961511.961542},
 acmid = {961542},
 publisher = {ACM},
 address = {New York, NY, USA},
 keywords = {multimedia, non-majors, programming},
} 

@inproceedings{cooper2000alice,
  title={Alice: a 3-D tool for introductory programming concepts},
  author={Cooper, Stephen and Dann, Wanda and Pausch, Randy},
  booktitle={Journal of Computing Sciences in Colleges},
  volume={15},
  number={5},
  pages={107--116},
  year={2000},
  organization={Consortium for Computing Sciences in Colleges}
}

@inproceedings{Maleki:2014:LLL:2598510.2598554,
 author = {Maleki, Maryam M. and Woodbury, Robert F. and Neustaedter, Carman},
 title = {Liveness, Localization and Lookahead: Interaction Elements for Parametric Design},
 booktitle = {Proceedings of the 2014 Conference on Designing Interactive Systems},
 series = {DIS '14},
 year = {2014},
 isbn = {978-1-4503-2902-6},
 location = {Vancouver, BC, Canada},
 pages = {805--814},
 numpages = {10},
 url = {http://doi.acm.org/10.1145/2598510.2598554},
 doi = {10.1145/2598510.2598554},
 acmid = {2598554},
 publisher = {ACM},
 address = {New York, NY, USA},
 keywords = {computational design, computer-aided design, creativity support tools, end-user programming, parametric design, qualitative methods, user studies},
} 


@online{scratch_website,
title={Scratch Website},
author = {Scratch},
year={2017},
note = {\url{http://scratch.mit.edu}}
}

@article{pirolli1985role,
  title={The role of learning from examples in the acquisition of recursive programming skills.},
  author={Pirolli, Peter L and Anderson, John R},
  journal={Canadian Journal of Psychology/Revue canadienne de psychologie},
  volume={39},
  number={2},
  pages={240},
  year={1985},
  publisher={Canadian Psychological Association}
}

@article {COGS:COGS563,
author = {Anderson, John R. and Farrell, Robert and Sauers, Ron},
title = {Learning to Program in LISP1},
journal = {Cognitive Science},
volume = {8},
number = {2},
publisher = {Lawrence Erlbaum Associates, Inc.},
issn = {1551-6709},
url = {http://dx.doi.org/10.1207/s15516709cog0802_1},
doi = {10.1207/s15516709cog0802_1},
pages = {87--129},
year = {1984},
}
@article{RENKL199890,
title = "Learning from Worked-Out Examples: The Effects of Example Variability and Elicited Self-Explanations",
journal = "Contemporary Educational Psychology",
volume = "23",
number = "1",
pages = "90 - 108",
year = "1998",
note = "",
issn = "0361-476X",
doi = "http://dx.doi.org/10.1006/ceps.1997.0959",
url = "http://www.sciencedirect.com/science/article/pii/S0361476X97909590",
author = "Alexander Renkl and Robin Stark and Hans Gruber and Heinz Mandl",
}

@inproceedings{Brandt:2010:EPI:1753326.1753402,
 author = {Brandt, Joel and Dontcheva, Mira and Weskamp, Marcos and Klemmer, Scott R.},
 title = {Example-centric Programming: Integrating Web Search into the Development Environment},
 booktitle = {Proceedings of the SIGCHI Conference on Human Factors in Computing Systems},
 series = {CHI '10},
 year = {2010},
 isbn = {978-1-60558-929-9},
 location = {Atlanta, Georgia, USA},
 pages = {513--522},
 numpages = {10},
 url = {http://doi.acm.org/10.1145/1753326.1753402},
 doi = {10.1145/1753326.1753402},
 acmid = {1753402},
 publisher = {ACM},
 address = {New York, NY, USA},
 keywords = {example-centric development},
} 
@inproceedings{Malan:2004:EHL:1028664.1028702,
 author = {Malan, Katherine and Halland, Ken},
 title = {Examples That Can Do Harm in Learning Programming},
 booktitle = {Companion to the 19th Annual ACM SIGPLAN Conference on Object-oriented Programming Systems, Languages, and Applications},
 series = {OOPSLA '04},
 year = {2004},
 isbn = {1-58113-833-4},
 location = {Vancouver, BC, CANADA},
 pages = {83--87},
 numpages = {5},
 url = {http://doi.acm.org/10.1145/1028664.1028702},
 doi = {10.1145/1028664.1028702},
 acmid = {1028702},
 publisher = {ACM},
 address = {New York, NY, USA},
 keywords = {Java, examples, object-oriented programming, teaching programming},
} 
@book{silver2014lens,
  title={Lens X Block: World as Construction Kit},
  author={Silver, J.S. and Massachusetts Institute of Technology. Department of Architecture. Program in Media Arts and Sciences},
  year={2014}
}

@article{Kim:2017:DGS:3024362.3025360,
 author = {Kim, Nam Wook and Schweickart, Eston and Liu, Zhicheng and Dontcheva, Mira and Li, Wilmot and Popovic, Jovan and Pfister, Hanspeter},
 title = {Data-Driven Guides: Supporting Expressive Design for Information Graphics},
 journal = {IEEE Transactions on Visualization and Computer Graphics},
 issue_date = {January 2017},
 volume = {23},
 number = {1},
 month = jan,
 year = {2017},
 issn = {1077-2626},
 pages = {491--500},
 numpages = {10},
 url = {https://doi.org/10.1109/TVCG.2016.2598620},
 doi = {10.1109/TVCG.2016.2598620},
 acmid = {3025360},
 publisher = {IEEE Educational Activities Department},
 address = {Piscataway, NJ, USA},
} 

@inproceedings{Xia:2017:COE:3025453.3025554,
 author = {Xia, Haijun and Araujo, Bruno and Wigdor, Daniel},
 title = {Collection Objects: Enabling Fluid Formation and Manipulation of Aggregate Selections},
 booktitle = {Proceedings of the 2017 CHI Conference on Human Factors in Computing Systems},
 series = {CHI '17},
 year = {2017},
 isbn = {978-1-4503-4655-9},
 location = {Denver, Colorado, USA},
 pages = {5592--5604},
 numpages = {13},
 url = {http://doi.acm.org/10.1145/3025453.3025554},
 doi = {10.1145/3025453.3025554},
 acmid = {3025554},
 publisher = {ACM},
 address = {New York, NY, USA},
 keywords = {collection object, object-oriented interaction, pen and touch},
} 

@inproceedings{Weintrop:2015:BBQ:2771839.2771860,
 author = {Weintrop, David and Wilensky, Uri},
 title = {To Block or Not to Block, That is the Question: Students' Perceptions of Blocks-based Programming},
 booktitle = {Proceedings of the 14th International Conference on Interaction Design and Children},
 series = {IDC '15},
 year = {2015},
 isbn = {978-1-4503-3590-4},
 location = {Boston, Massachusetts},
 pages = {199--208},
 numpages = {10},
 url = {http://doi.acm.org/10.1145/2771839.2771860},
 doi = {10.1145/2771839.2771860},
 acmid = {2771860},
 publisher = {ACM},
 address = {New York, NY, USA},
 keywords = {blocks-based programming, high school computer science education, perceptions of programming},
} 

@inproceedings{bonta2010turtle,
  title={Turtle, Art, TurtleArt},
  author={Bont{\'a}, Paula and Papert, Artemis and Silverman, Brian},
  booktitle={Proc. of Constructionism 2010 Conference},
  year={2010}
}

@online{designblocks,
title={Design Blocks},
author = {Evelyn Eastmond},
year={2009},
url={http://www.evelyneastmond.com/designblocks/about.html}
}

@online{beetleblocks,
title={Beetle Blocks},
author = {Eric Rosenbaum and  Duks Koschitz and Bernat Romagosa},
year={2017},
url={http://beetleblocks.com/about}
}

@book{cypher1993watch,
  title={Watch what I Do: Programming by Demonstration},
  author={Cypher, A. and Halbert, D.C.},
  isbn={9780262032131},
  lccn={lc93018319},
  url={https://books.google.com/books?id=Ggzjo0-W1y0C},
  year={1993},
  publisher={MIT Press}
}

@inproceedings{Bolt:1980:LVG:800250.807503,
 author = {Bolt, Richard A.},
 title = {\&Ldquo;Put-that-there\&Rdquo;: Voice and Gesture at the Graphics Interface},
 booktitle = {Proceedings of the 7th Annual Conference on Computer Graphics and Interactive Techniques},
 series = {SIGGRAPH '80},
 year = {1980},
 isbn = {0-89791-021-4},
 location = {Seattle, Washington, USA},
 pages = {262--270},
 numpages = {9},
 url = {http://doi.acm.org/10.1145/800250.807503},
 doi = {10.1145/800250.807503},
 acmid = {807503},
 publisher = {ACM},
 address = {New York, NY, USA},
 keywords = {Gesture, Graphics, Graphics interface, Man-machine interfaces, Space sensing, Spatial data management, Speech input, Voice input},
} 

@inproceedings{Lieberman:1993:MTG:169059.169120,
 author = {Lieberman, Henry},
 title = {Mondrian: A Teachable Graphical Editor},
 booktitle = {Proceedings of the INTERACT '93 and CHI '93 Conference on Human Factors in Computing Systems},
 series = {CHI '93},
 year = {1993},
 isbn = {0-89791-575-5},
 location = {Amsterdam, The Netherlands},
 pages = {144--},
 url = {http://doi.acm.org/10.1145/169059.169120},
 doi = {10.1145/169059.169120},
 acmid = {169120},
 publisher = {ACM},
 address = {New York, NY, USA},
 keywords = {artificial intelligence, direct-manipulation interfaces, end-user programming, graphical editing, machine learning, programming by demonstration},
} 
@inproceedings{Faaborg:2006:GWB:1124772.1124883,
 author = {Faaborg, Alexander and Lieberman, Henry},
 title = {A Goal-oriented Web Browser},
 booktitle = {Proceedings of the SIGCHI Conference on Human Factors in Computing Systems},
 series = {CHI '06},
 year = {2006},
 isbn = {1-59593-372-7},
 location = {Montr\&\#233;al, Qu\&\#233;bec, Canada},
 pages = {751--760},
 numpages = {10},
 url = {http://doi.acm.org/10.1145/1124772.1124883},
 doi = {10.1145/1124772.1124883},
 acmid = {1124883},
 publisher = {ACM},
 address = {New York, NY, USA},
 keywords = {ConceptNet, TAP, commonsense reasoning, context aware computing, data detectors, goal-oriented design, open mind, programming by example, software agents},
} 

@inproceedings{Hartmann:2007:PSR:1294211.1294254,
 author = {Hartmann, Bj\"{o}rn and Wu, Leslie and Collins, Kevin and Klemmer, Scott R.},
 title = {Programming by a Sample: Rapidly Creating Web Applications with D.Mix},
 booktitle = {Proceedings of the 20th Annual ACM Symposium on User Interface Software and Technology},
 series = {UIST '07},
 year = {2007},
 isbn = {978-1-59593-679-0},
 location = {Newport, Rhode Island, USA},
 pages = {241--250},
 numpages = {10},
 url = {http://doi.acm.org/10.1145/1294211.1294254},
 doi = {10.1145/1294211.1294254},
 acmid = {1294254},
 publisher = {ACM},
 address = {New York, NY, USA},
 keywords = {mashups, programming by example modification, prototyping, web services},
} 
@inproceedings{Landay:1995:ISE:223904.223910,
 author = {Landay, James A. and Myers, Brad A.},
 title = {Interactive Sketching for the Early Stages of User Interface Design},
 booktitle = {Proceedings of the SIGCHI Conference on Human Factors in Computing Systems},
 series = {CHI '95},
 year = {1995},
 isbn = {0-201-84705-1},
 location = {Denver, Colorado, USA},
 pages = {43--50},
 numpages = {8},
 url = {http://dx.doi.org/10.1145/223904.223910},
 doi = {10.1145/223904.223910},
 acmid = {223910},
 publisher = {ACM Press/Addison-Wesley Publishing Co.},
 address = {New York, NY, USA},
} 

@inproceedings{Dixon:2010:PIA:1753326.1753554,
 author = {Dixon, Morgan and Fogarty, James},
 title = {Prefab: Implementing Advanced Behaviors Using Pixel-based Reverse Engineering of Interface Structure},
 booktitle = {Proceedings of the SIGCHI Conference on Human Factors in Computing Systems},
 series = {CHI '10},
 year = {2010},
 isbn = {978-1-60558-929-9},
 location = {Atlanta, Georgia, USA},
 pages = {1525--1534},
 numpages = {10},
 url = {http://doi.acm.org/10.1145/1753326.1753554},
 doi = {10.1145/1753326.1753554},
 acmid = {1753554},
 publisher = {ACM},
 address = {New York, NY, USA},
 keywords = {pixel-based reverse engineering, prefab, user interface toolkits},
}

@inproceedings{Sims:1994:EVC:192161.192167,
 author = {Sims, Karl},
 title = {Evolving Virtual Creatures},
 booktitle = {Proceedings of the 21st Annual Conference on Computer Graphics and Interactive Techniques},
 series = {SIGGRAPH '94},
 year = {1994},
 isbn = {0-89791-667-0},
 pages = {15--22},
 numpages = {8},
 url = {http://doi.acm.org/10.1145/192161.192167},
 doi = {10.1145/192161.192167},
 acmid = {192167},
 publisher = {ACM},
 address = {New York, NY, USA},
} 

@inproceedings{Marks:1997:DGG:258734.258887,
 author = {Marks, J. and Andalman, B. and Beardsley, P. A. and Freeman, W. and Gibson, S. and Hodgins, J. and Kang, T. and Mirtich, B. and Pfister, H. and Ruml, W. and Ryall, K. and Seims, J. and Shieber, S.},
 title = {Design Galleries: A General Approach to Setting Parameters for Computer Graphics and Animation},
 booktitle = {Proceedings of the 24th Annual Conference on Computer Graphics and Interactive Techniques},
 series = {SIGGRAPH '97},
 year = {1997},
 isbn = {0-89791-896-7},
 pages = {389--400},
 numpages = {12},
 url = {http://dx.doi.org/10.1145/258734.258887},
 doi = {10.1145/258734.258887},
 acmid = {258887},
 publisher = {ACM Press/Addison-Wesley Publishing Co.},
 address = {New York, NY, USA},
 keywords = {animation, computer-aided design, image rendering, lighting, motion synthesis, particle systems, physical modeling, visualization, volume rendering},
} 


@article{Kalogerakis:2012:LHP:2077341.2077342,
 author = {Kalogerakis, Evangelos and Nowrouzezahrai, Derek and Breslav, Simon and Hertzmann, Aaron},
 title = {Learning Hatching for Pen-and-ink Illustration of Surfaces},
 journal = {ACM Trans. Graph.},
 issue_date = {January 2012},
 volume = {31},
 number = {1},
 month = feb,
 year = {2012},
 issn = {0730-0301},
 pages = {1:1--1:17},
 articleno = {1},
 numpages = {17},
 url = {http://doi.acm.org/10.1145/2077341.2077342},
 doi = {10.1145/2077341.2077342},
 acmid = {2077342},
 publisher = {ACM},
 address = {New York, NY, USA},
 keywords = {Learning surface hatching, data-driven hatching, hatching by example, illustrations by example, learning orientation fields},
} 
@inproceedings{O'Donovan:2015:DDI:2702123.2702149,
 author = {O'Donovan, Peter and Agarwala, Aseem and Hertzmann, Aaron},
 title = {DesignScape: Design with Interactive Layout Suggestions},
 booktitle = {Proceedings of the 33rd Annual ACM Conference on Human Factors in Computing Systems},
 series = {CHI '15},
 year = {2015},
 isbn = {978-1-4503-3145-6},
 location = {Seoul, Republic of Korea},
 pages = {1221--1224},
 numpages = {4},
 url = {http://doi.acm.org/10.1145/2702123.2702149},
 doi = {10.1145/2702123.2702149},
 acmid = {2702149},
 publisher = {ACM},
 address = {New York, NY, USA},
 keywords = {adaptive design, graphic design, suggestion interfaces},
} 
@article{Kalogerakis:2012:PMC:2185520.2185551,
 author = {Kalogerakis, Evangelos and Chaudhuri, Siddhartha and Koller, Daphne and Koltun, Vladlen},
 title = {A Probabilistic Model for Component-based Shape Synthesis},
 journal = {ACM Trans. Graph.},
 issue_date = {July 2012},
 volume = {31},
 number = {4},
 month = jul,
 year = {2012},
 issn = {0730-0301},
 pages = {55:1--55:11},
 articleno = {55},
 numpages = {11},
 url = {http://doi.acm.org/10.1145/2185520.2185551},
 doi = {10.1145/2185520.2185551},
 acmid = {2185551},
 publisher = {ACM},
 address = {New York, NY, USA},
 keywords = {data-driven 3D modeling, machine learning, probabilistic graphical models, shape structure, shape synthesis},
} 
@article{Guerrero:2016:PEP:2897824.2925950,
 author = {Guerrero, Paul and Bernstein, Gilbert and Li, Wilmot and Mitra, Niloy J.},
 title = {PATEX: Exploring Pattern Variations},
 journal = {ACM Trans. Graph.},
 issue_date = {July 2016},
 volume = {35},
 number = {4},
 month = jul,
 year = {2016},
 issn = {0730-0301},
 pages = {48:1--48:13},
 articleno = {48},
 numpages = {13},
 url = {http://doi.acm.org/10.1145/2897824.2925950},
 doi = {10.1145/2897824.2925950},
 acmid = {2925950},
 publisher = {ACM},
 address = {New York, NY, USA},
 keywords = {arrangements, design space exploration, design tools, patterns, variations, vector graphics},
} 
@inproceedings{Talton:2012:LDP:2380116.2380127,
 author = {Talton, Jerry and Yang, Lingfeng and Kumar, Ranjitha and Lim, Maxine and Goodman, Noah and M\v{e}ch, Radom\'{\i}r},
 title = {Learning Design Patterns with Bayesian Grammar Induction},
 booktitle = {Proceedings of the 25th Annual ACM Symposium on User Interface Software and Technology},
 series = {UIST '12},
 year = {2012},
 isbn = {978-1-4503-1580-7},
 location = {Cambridge, Massachusetts, USA},
 pages = {63--74},
 numpages = {12},
 url = {http://doi.acm.org/10.1145/2380116.2380127},
 doi = {10.1145/2380116.2380127},
 acmid = {2380127},
 publisher = {ACM},
 address = {New York, NY, USA},
 keywords = {design patterns, grammar induction},
} 

@inproceedings{Chaudhuri:2010:DSC:1882262.1866205,
 author = {Chaudhuri, Siddhartha and Koltun, Vladlen},
 title = {Data-driven Suggestions for Creativity Support in 3D Modeling},
 booktitle = {ACM SIGGRAPH Asia 2010 Papers},
 series = {SIGGRAPH ASIA '10},
 year = {2010},
 isbn = {978-1-4503-0439-9},
 location = {Seoul, South Korea},
 pages = {183:1--183:10},
 articleno = {183},
 numpages = {10},
 url = {http://doi.acm.org/10.1145/1866158.1866205},
 doi = {10.1145/1866158.1866205},
 acmid = {1866205},
 publisher = {ACM},
 address = {New York, NY, USA},
 keywords = {creativity support, data-driven 3D modeling, interaction, shape analysis},
} 
@article{amershi2014power,
  title={Power to the people: The role of humans in interactive machine learning},
  author={Amershi, Saleema and Cakmak, Maya and Knox, William Bradley and Kulesza, Todd},
  journal={AI Magazine},
  volume={35},
  number={4},
  pages={105--120},
  year={2014}
}
@article{Buechley:2008:LAT:1399081.1399116,
 author = {Buechley, Leah and Eisenberg, Michael},
 title = {The {LilyPad} {Arduino}: Toward Wearable Engineering for Everyone},
 journal = {IEEE Pervasive Computing},
 issue_date = {April 2008},
 volume = {7},
 number = {2},
 month = apr,
 year = {2008},
 issn = {1536-1268},
 pages = {12--15},
 numpages = {4},
 url = {http://dx.doi.org/10.1109/MPRV.2008.38},
 doi = {10.1109/MPRV.2008.38},
 acmid = {1399116},
 publisher = {IEEE Educational Activities Department},
 address = {Piscataway, NJ, USA},
 keywords = {computational design, e-textile, electronic textile, electronic textile, e-textile, computational design},
} 
@inproceedings{Buechley:2010:LWH:1858171.1858206,
 author = {Buechley, Leah and Hill, Benjamin Mako},
 title = {{LilyPad} in the Wild: How Hardware's Long Tail is Supporting New Engineering and Design Communities},
 booktitle = {Proceedings of the 8th ACM Conference on Designing Interactive Systems},
 series = {DIS '10},
 year = {2010},
 isbn = {978-1-4503-0103-9},
 location = {Aarhus, Denmark},
 pages = {199--207},
 numpages = {9},
 url = {http://doi.acm.org/10.1145/1858171.1858206},
 doi = {10.1145/1858171.1858206},
 acmid = {1858206},
 publisher = {ACM},
 address = {New York, NY, USA},
 keywords = {Arduino, LilyPad, e-textiles, electronic textiles, long tail, open-source hardware, wearable computing},
} 

@inproceedings{Blauvelt:1999:ICM:317561.317572,
 author = {Blauvelt, Glenn and Wrensch, Tom and Eisenberg, Michael},
 title = {Integrating Craft Materials and Computation},
 booktitle = {Proceedings of the 3rd Conference on Creativity \& Cognition},
 series = {C\&C '99},
 year = {1999},
 isbn = {1-58113-078-3},
 location = {Loughborough, United Kingdom},
 pages = {50--56},
 numpages = {7},
 url = {http://doi.acm.org/10.1145/317561.317572},
 doi = {10.1145/317561.317572},
 acmid = {317572},
 publisher = {ACM},
 address = {New York, NY, USA},
 keywords = {HyperGami, HyperSpider, computation and crafts, computationally-enriched craft items},
} 

@inproceedings{DiGiano:1995:SDT:225434.225455,
 author = {DiGiano, Chris and Eisenberg, Mike},
 title = {Self-disclosing Design Tools: A Gentle Introduction to End-user Programming},
 booktitle = {Proceedings of the 1st Conference on Designing Interactive Systems: Processes, Practices, Methods, \& Techniques},
 series = {DIS '95},
 year = {1995},
 isbn = {0-89791-673-5},
 location = {Ann Arbor, Michigan, USA},
 pages = {189--197},
 numpages = {9},
 url = {http://doi.acm.org/10.1145/225434.225455},
 doi = {10.1145/225434.225455},
 acmid = {225455},
 publisher = {ACM},
 address = {New York, NY, USA},
} 

@inproceedings{guha2010essence,
  title={The essence of JavaScript},
  author={Guha, Arjun and Saftoiu, Claudiu and Krishnamurthi, Shriram},
  booktitle={European conference on Object-oriented programming},
  pages={126--150},
  year={2010},
  organization={Springer}
}

@article{taivalsaari1996notion,
  title={On the notion of inheritance},
  author={Taivalsaari, Antero},
  journal={ACM Computing Surveys (CSUR)},
  volume={28},
  number={3},
  pages={438--479},
  year={1996},
  publisher={ACM}
}

@book{needleman1979work,
  title={The work of craft: an inquiry into the nature of crafts and craftsmanship},
  author={Needleman, C.},
  year={1979},
  publisher={Arkana}
}

@incollection{levin_eyeo,
booktitle={EYEO: Converge to Inspire. 2011-2015},
author={Levin, Golan},
title={Foreword: For Us, By Us},
year={2015},
}

@phdthesis{levin_thesis,
	title = {Painterly Interfaces for Audiovisual Performance},
	school = {Massachusetts Institute of Technology},
	author = {Levin, Golan},
	year = {2000},
}

@inproceedings{Jacobs:2015:HPK:2702123.2702362,
 author = {Jacobs, Jennifer and Zoran, Amit},
 title = {Hybrid Practice in the Kalahari: Design Collaboration Through Digital Tools and Hunter-Gatherer Craft},
 booktitle = {Proceedings of the 33rd Annual ACM Conference on Human Factors in Computing Systems},
 series = {CHI '15},
 year = {2015},
 isbn = {978-1-4503-3145-6},
 location = {Seoul, Republic of Korea},
 pages = {619--628},
 numpages = {10},
 url = {http://doi.acm.org/10.1145/2702123.2702362},
 doi = {10.1145/2702123.2702362},
 acmid = {2702362},
 publisher = {ACM},
 address = {New York, NY, USA},
 keywords = {collaboration, computer-aided design (cad), craft, design, digital fabrication, hunter-gatherers, hybrid},
} 

@book{fuller2008software,
  booktitle={Software Studies: A Lexicon},
  title={Object Orientation},
  author={Crutzen, Cecile and Kotkamp, Erna},
  editor={Fuller, Matthew},
  isbn={9780262062749},
  lccn={2007039724},
  series={EBSCO ebook academic collection},
  year={2008},
  publisher={MIT Press}
}

@book{csikszentmihalyi2009flow,
  title={Flow: The Psychology of Optimal Experience},
  author={Csikszentmihalyi, M.},
  series={Harper Perennial Modern Classics},
  year={2009},
  publisher={Harper Collins}
}

@book{benjamin1968illuminations,
  title={Illuminations},
  author={Benjamin, Walter},
  isbn={9780547540658},
  year={1968},
  publisher={Houghton Mifflin Harcourt}
}

@book{nadin1997civilization,
  title={The Civilization of Illiteracy},
  author={Nadin, M.},
  isbn={9783931828387},
  lccn={97194223},
  year={1997},
  publisher={Dresden University Press}
}

@book{shneiderman1993sparks,
  title={Direct manipulation: a step beyond programming languages},
  booktitle={Sparks of Innovation in Human-computer Interaction},
  author={Shneiderman, Ben},
  isbn={9781567500783},
  lccn={93017704},
  series={Human/computer interaction},
  year={1993},
  publisher={Ablex Publishing Company}
}

@inproceedings{Choi:2016:WWH:2984751.2985725,
 author = {Choi, Inrak and Follmer, Sean},
 title = {Wolverine: A Wearable Haptic Interface for Grasping in {VR}},
 booktitle = {Proceedings of the 29th Annual Symposium on User Interface Software and Technology},
 series = {UIST '16 Adjunct},
 year = {2016},
 isbn = {978-1-4503-4531-6},
 location = {Tokyo, Japan},
 pages = {117--119},
 numpages = {3},
 url = {http://doi.acm.org/10.1145/2984751.2985725},
 doi = {10.1145/2984751.2985725},
 acmid = {2985725},
 publisher = {ACM},
 address = {New York, NY, USA},
 keywords = {force feedback, virtual reality, wearable haptic interfaces},
} 

@ARTICLE{Bouzit_1011262, 
author={M. Bouzit and G. Burdea and G. Popescu and R. Boian}, 
journal={IEEE/ASME Transactions on Mechatronics}, 
title={The Rutgers Master II-new design force-feedback glove}, 
year={2002}, 
volume={7}, 
number={2}, 
pages={256-263}, 
keywords={Hall effect devices;actuators;data gloves;force feedback;infrared detectors;pneumatic control equipment;servomechanisms;signal processing equipment;valves;A/D/A boards;CyberGrasp commercial haptic glove;IR sensors;RS232 line;Rutgers Master II-ND glove;actuators;control bandwidth;custom pneumatic actuators;dextrous interactions;direct-drive actuators;direct-drive configuration;force-feedback glove;force-feedback structure;haptic interface;imbedded Pentium PC;infrared sensors;noncontact Hall-effect sensors;pneumatic servovalves;position measuring exoskeleton;power supply;signal conditioning electronics;virtual environments;Cables;Exoskeletons;Force feedback;Force measurement;Haptic interfaces;Pneumatic actuators;Position measurement;Pulleys;Thumb;Virtual environment}, 
doi={10.1109/TMECH.2002.1011262}, 
ISSN={1083-4435}, 
month={Jun}}

@inproceedings{Nakagaki:2016:MRD:2858036.2858104,
 author = {Nakagaki, Ken and Vink, Luke and Counts, Jared and Windham, Daniel and Leithinger, Daniel and Follmer, Sean and Ishii, Hiroshi},
 title = {Materiable: Rendering Dynamic Material Properties in Response to Direct Physical Touch with Shape Changing Interfaces},
 booktitle = {Proceedings of the 2016 CHI Conference on Human Factors in Computing Systems},
 series = {CHI '16},
 year = {2016},
 isbn = {978-1-4503-3362-7},
 location = {Santa Clara, California, USA},
 pages = {2764--2772},
 numpages = {9},
 url = {http://doi.acm.org/10.1145/2858036.2858104},
 doi = {10.1145/2858036.2858104},
 acmid = {2858104},
 publisher = {ACM},
 address = {New York, NY, USA},
 keywords = {physics simulation, pin-based shape display, rendered material properties, shape changing interface},
} 

@article{SCHON19923,
title = "Designing as reflective conversation with the materials of a design situation",
journal = "Knowledge-Based Systems",
volume = "5",
number = "1",
pages = "3 - 14",
year = "1992",
note = "Artificial Intelligence in Design Conference 1991 Special Issue",
issn = "0950-7051",
doi = "http://dx.doi.org/10.1016/0950-7051(92)90020-G",
url = "http://www.sciencedirect.com/science/article/pii/095070519290020G",
author = {D.A. Sch\"{o}n},
keywords = "designing",
keywords = "design knowledge",
keywords = "phenomenological equivalence",
keywords = "design phenomena",
keywords = "computer-based design assistants"
}

@book{pattern_language,
  added-at = {2008-05-28T12:47:08.000+0200},
  address = {New York},
  author = {Alexander, Christopher and Ishikawa, Sara and Silverstein, Murray},
  biburl = {https://www.bibsonomy.org/bibtex/260fb69c4f1e0fd302c9bd0d04642ca05/yish},
  citeulike-article-id = {305879},
  howpublished = {Hardcover},
  interhash = {0aa653751ca0087edb3cbf198f659bb5},
  intrahash = {60fb69c4f1e0fd302c9bd0d04642ca05},
  isbn = {0195019199},
  keywords = {CERME-6-patterns CnE07 WLEFormativeEAssessment architecture cal09-patterns campus cerme6 chais2007 design designapproaches designpatterns eLPBookMor edid9 experiment jime08 mathgamespatterns mythesis oregon patterns planning postdocapplication},
  month = {August},
  priority = {2},
  publisher = {Oxford University Press},
  timestamp = {2010-05-28T18:51:58.000+0200},
  title = {A Pattern Language: Towns, Buildings, Construction},
  year = 1977
}

@book{goodman1968languages,
  title={Languages of Art: An Approach to a Theory of Symbols},
  author={Goodman, N.},
  isbn={9780915144341},
  lccn={lc68031825},
  year={1968},
  publisher={Bobbs-Merrill}
}

@incollection{berger2008selected,
    title={Drawing},
  booktitle={Selected Essays of John Berger},
  author={Berger, John},
  editor={Dyer, Geoff},
  isbn={9780307490704},
  series={Vintage International},
  url={https://books.google.com/books?id=dYIUiSrKVccC},
  year={2008},
  publisher={Knopf Doubleday Publishing Group}
}

@inproceedings{Efrat:2016:HBB:2858036.2858441,
 author = {Efrat, Tamara Anna and Mizrahi, Moran and Zoran, Amit},
 title = {The Hybrid Bricolage: Bridging Parametric Design with Craft Through Algorithmic Modularity},
 booktitle = {Proceedings of the 2016 CHI Conference on Human Factors in Computing Systems},
 series = {CHI '16},
 year = {2016},
 isbn = {978-1-4503-3362-7},
 location = {Santa Clara, California, USA},
 pages = {5984--5995},
 numpages = {12},
 url = {http://doi.acm.org/10.1145/2858036.2858441},
 doi = {10.1145/2858036.2858441},
 acmid = {2858441},
 publisher = {ACM},
 address = {New York, NY, USA},
 keywords = {bricolage, computer-aided design (cad), craft, fabrication, parametric design, smocking, tinkering},
} 


@book{mumford1952art,
  title={Art and Technics},
  author={Mumford, L.},
  lccn={52001930},
  series={Bampton lectures in America},
  year={1952},
  publisher={Columbia University Press}
}

@book{norman2002design,
  title={The Design of Everyday Things},
  author={Norman, D.A.},
  isbn={9780465067107},
  lccn={89048989},
  year={2002},
  publisher={Basic Books}
}

@phdthesis{Smith:1975:PCP:907074,
 author = {Smith, David Canfield},
 title = {Pygmalion: A Creative Programming Environment.},
 year = {1975},
 publisher = {Stanford University},
 address = {Stanford, CA, USA},
} 

@inproceedings{Xia:2017:COE:3025453.3025554,
 author = {Xia, Haijun and Araujo, Bruno and Wigdor, Daniel},
 title = {Collection Objects: Enabling Fluid Formation and Manipulation of Aggregate Selections},
 booktitle = {Proceedings of the 2017 CHI Conference on Human Factors in Computing Systems},
 series = {CHI '17},
 year = {2017},
 isbn = {978-1-4503-4655-9},
 location = {Denver, Colorado, USA},
 pages = {5592--5604},
 numpages = {13},
 url = {http://doi.acm.org/10.1145/3025453.3025554},
 doi = {10.1145/3025453.3025554},
 acmid = {3025554},
 publisher = {ACM},
 address = {New York, NY, USA},
 keywords = {collection object, object-oriented interaction, pen and touch},
} 

@inproceedings{Perteneder:2015:CSC:2807442.2807455,
 author = {Perteneder, Florian and Bresler, Martin and Grossauer, Eva-Maria and Leong, Joanne and Haller, Michael},
 title = {cLuster: Smart Clustering of Free-Hand Sketches on Large Interactive Surfaces},
 booktitle = {Proceedings of the 28th Annual ACM Symposium on User Interface Software \&\#38; Technology},
 series = {UIST '15},
 year = {2015},
 isbn = {978-1-4503-3779-3},
 location = {Charlotte, NC, USA},
 pages = {37--46},
 numpages = {10},
 url = {http://doi.acm.org/10.1145/2807442.2807455},
 doi = {10.1145/2807442.2807455},
 acmid = {2807455},
 publisher = {ACM},
 address = {New York, NY, USA},
 keywords = {cluster analysis, free-hand sketching, segmentation},
} 
@phdthesis{gogia2016insight,
  title={Insight: interactive machine learning for complex graphics selection},
  author={Gogia, Sumit},
  year={2016},
  school={Massachusetts Institute of Technology}
}

@misc{akten_deepdream_2015,
	title = {\#{Deepdream} is blowing my mind},
	 note = {\url{http://medium.com/@memoakten/deepdream-is-blowing-my-mind-6a2c8669c698}},
	abstract = {TLDR version: It 's not the aesthetics.},
	author = {Akten, Memo},
	month = jul,
	year = {2015}
}

 @misc{bierut, 
  note = {\url{http://designobserver.com/feature/five-years-of-100-days}}, 
 abstractNote={Five years of a 100 day workshop taught by Michael Bierut at the Yale School of Art.}, 
 journal={Design Observer},
 author={Bierut, Michael},
 title={Five Years of 100 Days},
 year = {2011}
 }

 @misc{Sterling, 
 title={Design Fiction: Sputniko!, “Tranceflora, Amy 's Glowing Silk”}, note = {\url{http://wired.com/beyond-the-beyond/2015/04/design-fiction-sputniko-tranceflora-amys-glowing-silk/}},
 journal={WIRED}, 
 author={Sterling,Bruce},
 year={2015}
 }
 
 
@article{bader2016grown,
  title={Grown, Printed, and Biologically Augmented: An Additively Manufactured Microfluidic Wearable, Functionally Templated for Synthetic Microbes},
  author={Bader, Christoph and Patrick, William G and Kolb, Dominik and Hays, Stephanie G and Keating, Steven and Sharma, Sunanda and Dikovsky, Daniel and Belocon, Boris and Weaver, James C and Silver, Pamela A and others},
  journal={3D Printing and Additive Manufacturing},
  volume={3},
  number={2},
  pages={79--89},
  year={2016},
  publisher={Mary Ann Liebert, Inc. 140 Huguenot Street, 3rd Floor New Rochelle, NY 10801 USA}
}
 
 @misc{molnar,
 note = {\url{http://seniorandshopmaker.com/exhibitions/2015/3/18/vera-molnar-regarding-the-infinite}}, 
 year = {2015},
 journal={Senior & Shopmaker Gallery},
 title={Vera Molnar: Regarding The Infinite | Drawings 1950-1987}
 }
 

 @misc{gannon,
  note = {\url{http://cmu.edu/piper/stories/2017/february/robot-comes-to-life.html}},
 author= {Hughes, Thomas},
 title={Robot's Personality Comes to Life in Museum Exhibit},
 year={2017}
 }
 
 @misc{ridler,
 title={Life drawing and machine learning: An interview with artist Anna Ridler},
 author={McMullan, Thomas},
 note = {\url{http://alphr.com/go/1006623}},
 journal={Alphr},
 year={2017}
 }
 
 @misc{pender, 
   note = {\url{http://http://designboom.com/art/stefanie-pender-robot-glassmaking-autodesk-04-17-2017/}},
 year={2017},
 title={Stefanie Pender teaches a Robot the Art of Glassmaking},
 author={Azzarello, Nina}
 }
 
 @book{reichardt1969cybernetic,
  title={Cybernetic serendipity: the computer and the arts},
  author={Reichardt, Jasia},
  year={1969},
  publisher={Praeger}
}

@inproceedings{brennan2012new,
  title={New frameworks for studying and assessing the development of computational thinking},
  author={Brennan, Karen and Resnick, Mitchel},
  booktitle={Proceedings of the 2012 annual meeting of the American Educational Research Association, Vancouver, Canada},
  pages={1--25},
  year={2012}
}

 @misc{dreamcatcher,
      note = {\url{http://autodeskresearch.com/projects/dreamcatcher}},
 author={Autodesk},
 title={Project Dreamcatcher},
 year={2016}
 }
 
  @misc{autodraw, 
  note = {\url{http://blog.google:443/topics/machine-learning/fast-drawing-everyone}},
  author={Motzenbecker, Dan},
  title={Fast Drawing for Everyone},
  journal={Google}, 
  year={2017},
  month={Apr}
  }


 
@book{obrist2013compendium,
  title={Do it: The Compendium},
  author={Obrist, Hans Ulrich},
  isbn={9781938922015},
  lccn={2012953857},
  year={2013},
  publisher={Independent Curators International}
}

 @article{Wakabayashi_2017,
 title={Contentious Memo Strikes Nerve Inside Google and Out}, ISSN={0362-4331}, note = {\url{http://www.nytimes.com/2017/08/08/technology/google-engineer-fired-gender-memo.html}}, 
 journal={The New York Times}, 
 author={Wakabayashi, Daisuke}, year={2017},
 month={Aug}
 }
 
  @article{Angwin_2016,
 title={Machine Bias:There 's software used across the country to predict future criminals. And it 's biased against blacks.},  note = {\url{https://www.propublica.org/article/machine-bias-risk-assessments-in-criminal-sentencing}}, 
 journal={ProPublica}, 
 author={Angwin, Julia and Larson, Jeff and Mattu, Surya and Kirchner,Lauren}, 
 year={2016},
 month={May}
 }

@book{margolis2010stuck,
  title={Stuck in the Shallow End: Education, Race, and Computing},
  author={Margolis, J. and Estrella, R. and Goode, J. and Holme, J.J. and Nao, K.},
  isbn={9780262260961},
  year={2010},
  publisher={MIT Press}
}

@book{margolis2003unlocking,
  title={Unlocking the Clubhouse: Women in Computing},
  author={Margolis, J. and Fisher, A.},
  isbn={9780262632690},
  lccn={2001034296},
  year={2003},
  publisher={MIT Press}
}

@book{reichardt1971cybernetics,
  title={Cybernetics, art and ideas},
  author={Reichardt, J.},
  year={1971},
  publisher={Studio Vista London}
}
@inproceedings{Jacobs:2017:SEP:3025453.3025927,
 author = {Jacobs, Jennifer and Gogia, Sumit and M\u{e}ch, Radom\'{\i}r and Brandt, Joel R.},
 title = {Supporting Expressive Procedural Art Creation Through Direct Manipulation},
 booktitle = {Proceedings of the 2017 CHI Conference on Human Factors in Computing Systems},
 series = {CHI '17},
 year = {2017},
 isbn = {978-1-4503-4655-9},
 location = {Denver, Colorado, USA},
 pages = {6330--6341},
 numpages = {12},
 url = {http://doi.acm.org/10.1145/3025453.3025927},
 doi = {10.1145/3025453.3025927},
 acmid = {3025927},
 publisher = {ACM},
 address = {New York, NY, USA},
 keywords = {generative art, procedural art, programming},
} 

@misc{yellowtail,
	title = {Yellowtail},
	 note = {\url{http://flong.com/projects/yellowtail}},
	author = {Levin, Golan},
	year = {2010}
}

@misc{natzke,
title={Cloud Art Process},
note={\url{http://vimeo.com/69323991}},
author = {Natzke, Erik},
year = {2012}
}

@misc{patterson,
title={The Gently Rounded Triangle},
note={\url{http://vimeo.com/69323991}},
author={Patterson, James},
year={2013}
}

@article{martin,
title={Machine Drawing: Shantell Martin and the Algorist},
note={\url{http://magazine.art21.org/2017/07/06/machine-drawing-shantell-martin-and-the-algorist}},
author={Gaskins, Nettrice},
year={2017}
}
@misc{gobielle_watson,
title={Here to There: Poster Series for Children},
note={\url{http://design-io.com/projects/HereToThere/}},
author={Gobielle, Emily and Watson, Theo},
year={2010}
}


@misc{lieberman_drawn,
title={Drawn},
note={\url{http://thesystemis.com/projects/drawn/}},
author={Lieberman, Zach},
year= 2009
}

@article{Myers:2000:PPF:344949.344959,
 author = {Myers, Brad and Hudson, Scott E. and Pausch, Randy},
 title = {Past, Present, and Future of User Interface Software Tools},
 journal = {ACM Trans. Comput.-Hum. Interact.},
 issue_date = {March 2000},
 volume = {7},
 number = {1},
 month = mar,
 year = {2000},
 issn = {1073-0516},
 pages = {3--28},
 numpages = {26},
 url = {http://doi.acm.org/10.1145/344949.344959},
 doi = {10.1145/344949.344959},
 acmid = {344959},
 publisher = {ACM},
 address = {New York, NY, USA},
 keywords = {event languages, interface builders, scripting languages, toolkits, user interface development environments, user interface software},
} 

@article{Appert:2008:SAS:1403740.1403743,
 author = {Appert, C. and Beaudouin-Lafon, M.},
 title = {SwingStates: Adding State Machines to Java and the Swing Toolkit},
 journal = {Softw. Pract. Exper.},
 issue_date = {September 2008},
 volume = {38},
 number = {11},
 month = sep,
 year = {2008},
 issn = {0038-0644},
 pages = {1149--1182},
 numpages = {34},
 url = {http://dx.doi.org/10.1002/spe.v38:11},
 doi = {10.1002/spe.v38:11},
 acmid = {1403743},
 publisher = {John Wiley \& Sons, Inc.},
 address = {New York, NY, USA},
 keywords = {Java Swing, finite-state machines, graphical user interfaces, human--computer interaction, user interface toolkits},
} 
@book{Nelson:1987:CLM:535551,
 author = {Nelson, Theodore H.},
 title = {Computer Lib/Dream Machines},
 year = {1987},
 isbn = {0914845497},
 publisher = {Microsoft Press},
 address = {Redmond, WA, USA},
} 
@inproceedings{Kay:2015:URG:2702123.2702520,
 author = {Kay, Matthew and Matuszek, Cynthia and Munson, Sean A.},
 title = {Unequal Representation and Gender Stereotypes in Image Search Results for Occupations},
 booktitle = {Proceedings of the 33rd Annual ACM Conference on Human Factors in Computing Systems},
 series = {CHI '15},
 year = {2015},
 isbn = {978-1-4503-3145-6},
 location = {Seoul, Republic of Korea},
 pages = {3819--3828},
 numpages = {10},
 url = {http://doi.acm.org/10.1145/2702123.2702520},
 doi = {10.1145/2702123.2702520},
 acmid = {2702520},
 publisher = {ACM},
 address = {New York, NY, USA},
 keywords = {bias, gender, image search, inequality, representation, stereotypes},
} 

@book{von2005democratizing,
  title={Democratizing Innovation},
  author={von Hippel, E.},
  isbn={9780262002745},
  lccn={2004061060},
  year={2005},
  publisher={MIT Press}
}

@inproceedings{Roque,
 author = {Roque, R. and Lin, K. and Liuzzi, R.},
 title = {``I'm not just a mom'': Parents developing multiple roles in creative computing.},
 booktitle = {12th International Conference of the Learning Sciences},
 year = {2016},
 location = {Singapore}
} 

@article{Bostock:2011:DDD:2068462.2068631,
 author = {Bostock, Michael and Ogievetsky, Vadim and Heer, Jeffrey},
 title = {D3 Data-Driven Documents},
 journal = {IEEE Transactions on Visualization and Computer Graphics},
 issue_date = {December 2011},
 volume = {17},
 number = {12},
 month = dec,
 year = {2011},
 issn = {1077-2626},
 pages = {2301--2309},
 numpages = {9},
 url = {http://dx.doi.org/10.1109/TVCG.2011.185},
 doi = {10.1109/TVCG.2011.185},
 acmid = {2068631},
 publisher = {IEEE Educational Activities Department},
 address = {Piscataway, NJ, USA},
 keywords = {Information visualization, user interfaces, toolkits, 2D graphics.},
} 


@article{Loi:2017:PAE:3087678.2983617,
 author = {Loi, Hugo and Hurtut, Thomas and Vergne, Romain and Thollot, Joelle},
 title = {Programmable 2D Arrangements for Element Texture Design},
 journal = {ACM Trans. Graph.},
 issue_date = {June 2017},
 volume = {36},
 number = {3},
 month = may,
 year = {2017},
 issn = {0730-0301},
 pages = {27:1--27:17},
 articleno = {27},
 numpages = {17},
 url = {http://doi.acm.org/10.1145/2983617},
 doi = {10.1145/2983617},
 acmid = {2983617},
 publisher = {ACM},
 address = {New York, NY, USA},
} 


@article{hybrid_craft,
author = { Amit  Zoran and  Seppo O.  Valjakka and  Brian  Chan and  Atar  Brosh and  Rab  Gordon and  Yael  Friedman and  Justin  Marshall and  Katie  Bunnell and  Tavs  Jorgensen and  Factum  Arte and  Shane  Hope and  Peter  Schmitt and  Leah  Buechley and  Jie  Qi and  Jennifer  Jacobs},
title = {Hybrid Craft: Showcase of Physical and Digital Integration of Design and Craft Skills},
journal = {Leonardo},
volume = {48},
number = {4},
pages = {384-399},
year = {2015},
doi = {10.1162/LEON\_a\_01093}

}

@inproceedings{Mellis:2016:EAD:2901790.2901833,
 author = {Mellis, David A. and Buechley, Leah and Resnick, Mitchel and Hartmann, Bj\"{o}rn},
 title = {Engaging Amateurs in the Design, Fabrication, and Assembly of Electronic Devices},
 booktitle = {Proceedings of the 2016 ACM Conference on Designing Interactive Systems},
 series = {DIS '16},
 year = {2016},
 isbn = {978-1-4503-4031-1},
 location = {Brisbane, QLD, Australia},
 pages = {1270--1281},
 numpages = {12},
 url = {http://doi.acm.org/10.1145/2901790.2901833},
 doi = {10.1145/2901790.2901833},
 acmid = {2901833},
 publisher = {ACM},
 address = {New York, NY, USA},
 keywords = {CAD/CAM, DIY, digital fabrication, hobby electronics, internet of things, maker culture, personal fabrication},
} 

@inproceedings{Qi:2015:CTC:2771839.2771873,
 author = {Qi, Jie and Huang, Andrew "bunnie" and Paradiso, Joseph},
 title = {Crafting Technology with Circuit Stickers},
 booktitle = {Proceedings of the 14th International Conference on Interaction Design and Children},
 series = {IDC '15},
 year = {2015},
 isbn = {978-1-4503-3590-4},
 location = {Boston, Massachusetts},
 pages = {438--441},
 numpages = {4},
 url = {http://doi.acm.org/10.1145/2771839.2771873},
 doi = {10.1145/2771839.2771873},
 acmid = {2771873},
 publisher = {ACM},
 address = {New York, NY, USA},
 keywords = {construction kit, paper computing, papercrafts, stickers},
} 

@inproceedings{Devendorf:2017:BHM:3064663.3064705,
 author = {Devendorf, Laura and Rosner, Daniela K.},
 title = {Beyond Hybrids: Metaphors and Margins in Design},
 booktitle = {Proceedings of the 2017 Conference on Designing Interactive Systems},
 series = {DIS '17},
 year = {2017},
 isbn = {978-1-4503-4922-2},
 location = {Edinburgh, United Kingdom},
 pages = {995--1000},
 numpages = {6},
 url = {http://doi.acm.org/10.1145/3064663.3064705},
 doi = {10.1145/3064663.3064705},
 acmid = {3064705},
 publisher = {ACM},
 address = {New York, NY, USA},
 keywords = {STS, coproduction, hybrid craft, hybrids},
} 

@article{Buechley:2012:CTR:2362364.2362369,
 author = {Buechley, Leah and Perner-Wilson, Hannah},
 title = {Crafting Technology: Reimagining the Processes, Materials, and Cultures of Electronics},
 journal = {ACM Trans. Comput.-Hum. Interact.},
 issue_date = {October 2012},
 volume = {19},
 number = {3},
 month = oct,
 year = {2012},
 issn = {1073-0516},
 pages = {21:1--21:21},
 articleno = {21},
 numpages = {21},
 url = {http://doi.acm.org/10.1145/2362364.2362369},
 doi = {10.1145/2362364.2362369},
 acmid = {2362369},
 publisher = {ACM},
 address = {New York, NY, USA},
 keywords = {Craft, DIY, art, design, e-textiles, education, electronics, materiality, materials science, paper-based electronics},
} 

@inproceedings{Torres:2016:PSC:2901790.2901828,
 author = {Torres, Cesar and Li, Wilmot and Paulos, Eric},
 title = {ProxyPrint: Supporting Crafting Practice Through Physical Computational Proxies},
 booktitle = {Proceedings of the 2016 ACM Conference on Designing Interactive Systems},
 series = {DIS '16},
 year = {2016},
 isbn = {978-1-4503-4031-1},
 location = {Brisbane, QLD, Australia},
 pages = {158--169},
 numpages = {12},
 url = {http://doi.acm.org/10.1145/2901790.2901828},
 doi = {10.1145/2901790.2901828},
 acmid = {2901828},
 publisher = {ACM},
 address = {New York, NY, USA},
 keywords = {creativity support tools, design, digital fabrication, diy, scaffolds},
} 

@inproceedings{Bardzell,
 author = {Bardzell, Shaowen and Rosner, Daniela K. and Bardzell, Jeffrey},
 title = {Crafting Quality in Design: Integrity, Creativity, and Public Sensibility},
 longbooktitle = {Proceedings of the Designing Interactive Systems Conference},
 booktitle = {DIS '12},
 year = {2012},
 isbn = {978-1-4503-1210-3},
 location = {Newcastle Upon Tyne, United Kingdom},
 pages = {11--20},
 numpages = {10},
 acmid = {2317959},
 publisher = {ACM},
 
 keywords = {aesthetics, craft, everyday life, interaction, social impact},
}

@inproceedings{Gannon:2015:TSA:2702123.2702581,
 author = {Gannon, Madeline and Grossman, Tovi and Fitzmaurice, George},
 title = {Tactum: A Skin-Centric Approach to Digital Design and Fabrication},
 booktitle = {Proceedings of the 33rd Annual ACM Conference on Human Factors in Computing Systems},
 series = {CHI '15},
 year = {2015},
 isbn = {978-1-4503-3145-6},
 location = {Seoul, Republic of Korea},
 pages = {1779--1788},
 numpages = {10},
 url = {http://doi.acm.org/10.1145/2702123.2702581},
 doi = {10.1145/2702123.2702581},
 acmid = {2702581},
 publisher = {ACM},
 address = {New York, NY, USA},
 keywords = {3d modeling, 3d printing, fabrication-aware design, skin input},
} 

@inproceedings{Zoran:2013:HBI:2503649.2503651,
 author = {Zoran, Amit},
 title = {Hybrid Basketry: Interweaving Digital Practice Within Contemporary Craft},
 booktitle = {ACM SIGGRAPH 2013 Art Gallery},
 series = {SIGGRAPH '13},
 year = {2013},
 isbn = {978-1-4503-2337-6},
 location = {Anaheim, California},
 pages = {324--331},
 numpages = {8},
 url = {http://doi.acm.org/10.1145/2503649.2503651},
 doi = {10.1145/2503649.2503651},
 acmid = {2503651},
 publisher = {ACM},
 address = {New York, NY, USA},
} 

@inproceedings{Mellis:2013:MMC:2460625.2460638,
 author = {Mellis, David A. and Jacoby, Sam and Buechley, Leah and Perner-Wilson, Hannah and Qi, Jie},
 title = {Microcontrollers As Material: Crafting Circuits with Paper, Conductive Ink, Electronic Components, and an "Untoolkit"},
 booktitle = {Proceedings of the 7th International Conference on Tangible, Embedded and Embodied Interaction},
 series = {TEI '13},
 year = {2013},
 isbn = {978-1-4503-1898-3},
 location = {Barcelona, Spain},
 pages = {83--90},
 numpages = {8},
 url = {http://doi.acm.org/10.1145/2460625.2460638},
 doi = {10.1145/2460625.2460638},
 acmid = {2460638},
 publisher = {ACM},
 address = {New York, NY, USA},
 keywords = {Arduino, conductive ink, craft, microcontrollers, paper, toolkits},
} 

@inproceedings{Jacobs:2018,
 author = {Jacobs, Jennifer and Brandt, Joel, and M\u{e}ch, Radom\'{\i}r and Resnick, Mitchel},
 title = {Extending Manual Drawing Practices with Artist-Centric Programming Tools},
 booktitle = {Proceedings of the 2018 CHI Conference on Human Factors in Computing Systems},
 series = {CHI '18},
 year = {2018},
 isbn = {978-1-4503-5620},
 location = {Montreal, Quebec, Canada},
 url = {http://doi.org/10.1145/3173574.3174164},
 doi = {10.1145/3173574.3174164},
 publisher = {ACM},
 address = {New York, NY, USA},
 keywords = {generative art, procedural art, programming},
} 

@INPROCEEDINGS{Galanter03whatis,
    author = {Philip Galanter},
    title = {What is generative art? Complexity theory as a context for art theory},
    booktitle = {In GA2003 – 6th Generative Art Conference},
    year = {2003}
}

@article{boden,
author = {Boden, Margaret and Edmonds, Ernest},
year = {2009},
month = {03},
pages = {21-46},
title = {What is generative art?},
volume = {20},
booktitle = {Digital Creativity}
}

@article{doi:10.1162LEONa00533,
author = { Jon  McCormack and  Oliver  Bown and  Alan  Dorin and  Jonathan  McCabe and  Gordon  Monro and  Mitchell  Whitelaw},
title = {Ten Questions Concerning Generative Computer Art},
journal = {Leonardo},
volume = {47},
number = {2},
pages = {135-141},
year = {2014},
doi = {10.1162/LEON\_a\_00533},

URL = { 
        https://doi.org/10.1162/LEON_a_00533
    
},
eprint = { 
        https://doi.org/10.1162/LEON_a_00533
    
} 
}
@article{doi:10.1080/14626268.2012.709940,
author = { Alan   Dorin  and  Jonathan   McCabe  and  Jon   McCormack  and  Gordon   Monro  and  Mitchell   Whitelaw },
title = {A framework for understanding generative art},
journal = {Digital Creativity},
volume = {23},
number = {3-4},
pages = {239-259},
year  = {2012},
publisher = {Routledge},
doi = {10.1080/14626268.2012.709940},

URL = { 
        https://doi.org/10.1080/14626268.2012.709940
    
},
eprint = { 
        https://doi.org/10.1080/14626268.2012.709940
    
}

}

@inproceedings{Schachman:2012:API:2384592.2384594,
 author = {Schachman, Toby},
 title = {Alternative Programming Interfaces for Alternative Programmers},
 booktitle = {Proceedings of the ACM International Symposium on New Ideas, New Paradigms, and Reflections on Programming and Software},
 series = {Onward! 2012},
 year = {2012},
 isbn = {978-1-4503-1562-3},
 location = {Tucson, Arizona, USA},
 pages = {1--10},
 numpages = {10},
 url = {http://doi.acm.org/10.1145/2384592.2384594},
 doi = {10.1145/2384592.2384594},
 acmid = {2384594},
 publisher = {ACM},
 address = {New York, NY, USA},
 keywords = {art, constraint solver, direct manipulation, improvisation, program transformation, recursion},
} 
@article{Heer:2010:DLD:1907651.1908001,
 author = {Heer, Jeffrey and Bostock, Michael},
 title = {Declarative Language Design for Interactive Visualization},
 journal = {IEEE Transactions on Visualization and Computer Graphics},
 issue_date = {November 2010},
 volume = {16},
 number = {6},
 month = nov,
 year = {2010},
 issn = {1077-2626},
 pages = {1149--1156},
 numpages = {8},
 url = {http://dx.doi.org/10.1109/TVCG.2010.144},
 doi = {10.1109/TVCG.2010.144},
 acmid = {1908001},
 publisher = {IEEE Educational Activities Department},
 address = {Piscataway, NJ, USA},
 keywords = {declarative languages, domain specific languages, information visualization, information visualization, user interfaces, toolkits, domain specific languages, declarative languages, optimization, optimization, toolkits, user interfaces},
} 
@book{shiffman2012nature,
  title={The Nature of Code},
  author={Shiffman, D.},
  isbn={9780985930806},
  url={https://books.google.com/books?id=hoK6lgEACAAJ},
  year={2012},
  publisher={D. Shiffman}
}
@misc{watz_algorithms,
author = {Watz, Marius},
title = {The Algorithm Thought Police},
type = {Blog},
number = {February 13},
year = {2012},
howpublished = {\url{http://mariuswatz.com/mwatztumblrcom/the-algorithm-thought-police.html/}}
}

@article{dorin2012framework,
  title={A framework for understanding generative art},
  author={Dorin, Alan and McCabe, Jonathan and McCormack, Jon and Monro, Gordon and Whitelaw, Mitchell},
  journal={Digital Creativity},
  volume={23},
  number={3-4},
  pages={239--259},
  year={2012},
  publisher={Taylor \& Francis}
}
@article{kim2017data,
  title={Data-driven guides: Supporting expressive design for information graphics},
  author={Kim, Nam Wook and Schweickart, Eston and Liu, Zhicheng and Dontcheva, Mira and Li, Wilmot and Popovic, Jovan and Pfister, Hanspeter},
  journal={IEEE transactions on visualization and computer graphics},
  volume={23},
  number={1},
  pages={491--500},
  year={2017},
  publisher={IEEE}
}
    @online{watz-eyeo,
        title = {Algorithm Critique and Computational Aesthetics},
        year = {2012},
        organization = {Vimeo},
        author = {Marius Watz},
        url = {https://vimeo.com/46903693},
    }
    
 @inproceedings{dataink,
 author = {Xia, Haijun and Riche, Nathalie Henry and Chevalier, Fanny and De Araujo, and Widgor, Daniel},
 title = {DataInk: Direct and Creative Data-Oriented Drawing},
 booktitle = {To Appear. Proceedings of the 2018 CHI Conference on Human Factors in Computing Systems},
 series = {CHI '18},
 year = {2018},
 isbn = {978-1-4503-5620-6},
 location = {Montreal, QC, Canada},
 doi = {10.1145/3173574.3173797},
 publisher = {ACM},
 address = {New York, NY, USA},
} 
 @inproceedings{dataillus,
 author = {Liu, Zhicheng and Thompson, John and Wilson, Alan and Dontcheva, Mira and Delorey, James and Grigg, Sam and Kerr, Bernand and Stasko, John},
 title = {Data Illustrator: Augmenting Vector Design Tools with Lazy Data Binding for Expressive Visualization Authoring},
 booktitle = {To Appear. Proceedings of the 2018 CHI Conference on Human Factors in Computing Systems},
 series = {CHI '18},
 year = {2018},
 isbn = {978-1-4503-5620-6},
 location = {Montreal, QC, Canada},
 doi = {10.1145/3173574.3173797},
 publisher = {ACM},
 address = {New York, NY, USA},
} 

